@inproceedings{akritidis2010cling,
  author    = {Akritidis, Periklis and others},
  booktitle = {19th USENIX Security Symposium (USENIX Security 10)},
  title     = {Cling: A memory allocator to mitigate dangling pointers},
  year      = {2010}
}

@book{andriesse_2019,
  author    = {Andriesse, Dennis},
  place     = {San Francisco},
  publisher = {No Starch Press, Inc.},
  title     = {Practical binary analysis: Build your own linux tools for binary instrumentation, analysis, and disassembly},
  year      = {2019}
}

@misc{backwardsbounds,
  author       = {Dhurjati, Dinakar and Adve, Vikram},
  howpublished = {\url{https://www.irisa.fr/lande/lande/icse-proceedings/icse/p162.pdf}},
  title        = {Backwards-compatible array bounds checking for ... - irisa.fr}
}

@misc{cets,
  author       = {Nagarakatte, Santosh and Zhao, Jianzhou and Martin, Milo and Zdancewic, Steve},
  howpublished = {\url{https://acg.cis.upenn.edu/papers/ismm10_cets.pdf}},
  month        = {Jan},
  title        = {CETS: Compiler-enforced temporal safety for C},
  year         = {2010}
} 

 @misc{clangsafestack,
  author       = {LLVM Developer Group},
  howpublished = {\url{https://clang.llvm.org/docs/SafeStack.html}},
  journal      = {SafeStack - Clang 15.0.0git documentation},
  title        = {Clang 15.0.0git documentation}
} 

@misc{cyrus-and,
  author       = {Cyrus-And},
  howpublished = {\url{https://github.com/cyrus-and/gdb-dashboard}},
  journal      = {GitHub},
  title        = {Cyrus-and/GDB-dashboard: Modular visual interface for GDB in python}
} 
@inproceedings{dang2015performance,
  author    = {Dang, Thurston HY and Maniatis, Petros and Wagner, David},
  booktitle = {Proceedings of the 10th ACM Symposium on Information, Computer and Communications Security},
  pages     = {555--566},
  title     = {The performance cost of shadow stacks and stack canaries},
  year      = {2015}
}

@misc{dangerusbugs,
  author       = {cwe},
  howpublished = {\url{https://cwe.mitre.org/top25/archive/2021/2021_cwe_top25.html}},
  journal      = {CWE},
  title        = {Common weakness enumeration},
  year         = {2021}
}

@inproceedings{dhurjati2003memory,
  author    = {Dhurjati, Dinakar and Kowshik, Sumant and Adve, Vikram and Lattner, Chris},
  booktitle = {Proceedings of the 2003 ACM SIGPLAN conference on language, compiler, and tool for embedded systems},
  pages     = {69--80},
  title     = {Memory safety without runtime checks or garbage collection},
  year      = {2003}
}


 @misc{dust,
  author       = {Bootandy},
  howpublished = {\url{https://github.com/bootandy/dust}},
  journal      = {GitHub},
  title        = {Bootandy/Dust: A more intuitive version of DU in rust}
} 
 
 @misc{dynamicoverflow,
  author       = {Ruwase, Olatunji and Lam, Monica S.},
  howpublished = {\url{https://suif.stanford.edu/papers/tunji04.pdf}},
  title        = {A practical dynamic buffer overﬂow ... - stanford university}
} 
 
 @misc{fblog,
  author       = {Brocode},
  howpublished = {\url{https://github.com/brocode/fblog}},
  journal      = {GitHub},
  title        = {Brocode/fblog: Small command-line json log viewer}
} 
 
 @misc{gdb,
  author       = {The GNU Foundation},
  howpublished = {\url{https://www.gnu.org/software/gdb/}},
  journal      = {GDB: The GNU project debugger},
  title        = {gdb}
} 
 
 @misc{google_blog_2019,
  journal = {Google Online Security Blog},
  month   = {May},
  title   = {Queue the hardening enhancements},
  url     = {https://security.googleblog.com/2019/05/queue-hardening-enhancements.html},
  year    = {2019}
} 
 
 @misc{invalidpointer,
  author       = { Yong, Suan Hsi and Horwitz, Susan},
  howpublished = {\url{https://www.cse.psu.edu/~trj1/cse597-s11/docs/horowitz_c_pointers.pdf}},
  title        = {Protecting C programs from attacks via invalid pointer ...}
} 
 
 @misc{Jekyll,
  author       = {Wang, Tielei and Lu, Kangjie and Lu, Long and Chung, Simon and Lee, Wenke},
  howpublished = {\url{https://www.usenix.org/conference/usenixsecurity13/technical-sessions/presentation/wang_tielei}},
  journal      = {USENIX},
  month        = {Aug},
  title        = {Jekyll on {IOS}: When Benign Apps become evil},
  year         = {2013}
} 
 
 @misc{kehrer,
  author  = {Kehrer, Paul},
  journal = {Memory unsafety in Apple's operating systems},
  url     = {https://langui.sh/2019/07/23/apple-memory-safety/}
} 
 
 @inproceedings{larochelle2001statically,
  author    = {Larochelle, David and Evans, David},
  booktitle = {10th USENIX Security Symposium (USENIX Security 01)},
  title     = {Statically detecting likely buffer overflow vulnerabilities},
  year      = {2001}
} 
 
 @misc{llvm_mir,
  author  = {LLVM},
  journal = {LLVM},
  title   = {LLVM MIR Language Reference},
  url     = {https://llvm.org/docs/MIRLangRef.html#introduction}
} 
  

 @misc{memsentry,
  author       = {Koning, Koen and Chen, Xi and Bos, Herbert and Giuffrida, Cristiano and Athanasopoulos, Elias},
  howpublished = {\url{https://download.vusec.net/papers/memsentry_eurosys17.pdf}},
  title        = {No need to hide: Protecting safe regions on commodity hardware - VUSEC}
} 
 
 
@misc{mixedbinaries,
  author       = {Papaevripides, Michalis and Athanasopoulos, Elias},
  howpublished = {\url{http://www.cs.ucy.ac.cy/~elathan/papers/tops21.pdf}},
  month        = {Dec},
  title        = {Exploiting mixed binaries - cs.ucy.ac.cy},
  year         = {2020}
} 


 @inproceedings{nacl,
  author    = {Bennet Yee et al},
  booktitle = {IEEE Symposium on Security and Privacy},
  title     = {Native Client: A Sandbox for Portable, Untrusted x86 Native Code},
  year      = {2009}
} 
 
 @misc{objectivec,
  author       = {Apple},
  howpublished = {\url{https://developer.apple.com/library/archive/documentation/Cocoa/Conceptual/ProgrammingWithObjectiveC/WorkingwithObjects/WorkingwithObjects.html}},
  journal      = {Working with Objects},
  month        = {Sep},
  title        = {Programming with objective-C},
  year         = {2014}
} 
 
 @misc{panic_bounds_check,
  author       = {Rust-Lang},
  howpublished = {\url{https://doc.rust-lang.org/src/core/panicking.rs.html}},
  journal      = {Panicking.rs - source}
}
  
 @misc{radare2,
  author       = {Sergi Alvarez (pancake) and the community},
  howpublished = {\url{https://github.com/radareorg}},
  journal      = {GitHub},
  title        = {Radare Org}
} 
  
  
 @misc{rdf560,
  author       = {Rust-Lang},
  howpublished = {\url{https://github.com/rust-lang/rfcs/blob/master/text/0560-integer-overflow.md}},
  journal      = {GitHub},
  title        = {Rfcs/0560-integer-overflow.md at master · Rust-Lang/rfcs}
}
   
 @misc{rg,
  author       = {BurntSushi},
  howpublished = {\url{https://github.com/BurntSushi/ripgrep}},
  journal      = {GitHub},
  title        = {Burntsushi/ripgrep: Ripgrep recursively searches directories for a regex pattern while respecting your gitignore}
} 

@misc{runiq,
  author       = {Whitfin},
  howpublished = {\url{https://github.com/whitfin/runiq}},
  journal      = {GitHub},
  title        = {Whitfin/runiq: An efficient way to filter duplicate lines from input, à la uniq.}
} 
  
  
@misc{rust_bcheck,
  author       = {rust-borrow-checker},
  howpublished = {\url{https://rustc-dev-guide.rust-lang.org/borrow_check.html}},
  journal      = {The Rust Programming Language},
  title        = {Rust Compiler Development Guide}
} 
 
 
@misc{rust_fuzz,
  author       = {rust-fuzz},
  howpublished = {\url{https://rust-fuzz.github.io/book/introduction.html}},
  journal      = {GitHub},
  title        = {Rust Fuzz Book}
}
   
@misc{rustborrowing,
  author  = {The Rust Foundation},
  journal = {The Rust Programming Language - The Rust Programming Language},
  title   = {The rust programming language},
  url     = {https://doc.rust-lang.org/book/ch04-02-references-and-borrowing.html}
} 

@misc{rustdocs,
  author       = {The Rust Foundation},
  howpublished = {\url{https://doc.rust-lang.org/book/}},
  journal      = {The Rust Programming Language - The Rust Programming Language},
  title        = {The rust programming language}
} 

@misc{rustlifetime,
  author  = {The Rust Foundation},
  journal = {The Rust Programming Language - The Rust Programming Language},
  title   = {The rust programming language},
  url     = {https://doc.rust-lang.org/rust-by-example/scope/lifetime.html}
} 

@misc{rustownership,
  author  = {The Rust Foundation},
  journal = {The Rust Programming Language - The Rust Programming Language},
  title   = {The rust programming language},
  url     = {https://doc.rust-lang.org/book/ch04-00-understanding-ownership.html}
} 
 
  
@misc{rustproduction,
  author       = {The Rust Foundation},
  howpublished = {\url{https://www.rust-lang.org/production}},
  journal      = {Rust Programming Language},
  title        = {rustprod}
}

@inproceedings{snow2013just,
  author       = {Snow, Kevin Z and Monrose, Fabian and Davi, Lucas and Dmitrienko, Alexandra and Liebchen, Christopher and Sadeghi, Ahmad-Reza},
  booktitle    = {2013 IEEE Symposium on Security and Privacy},
  organization = {IEEE},
  pages        = {574--588},
  title        = {Just-in-time code reuse: On the effectiveness of fine-grained address space layout randomization},
  year         = {2013}
} 


@misc{softbound,
  author       = {Nagarakatte , Santosh and Zhao, Jianzhou and Martin, Milo and Zdancewic, Stephan},
  howpublished = {\url{https://repository.upenn.edu/cgi/viewcontent.cgi?article=1941&amp;context=cis_reports}},
  month        = {Jan},
  title        = {Highly Compatible and Complete Spatial Memory Safety for C },
  year         = {2009}
} 
@misc{soketernalwar,
  author       = {Szekeres, Laszlo and Payer, Mathias and Wei, Tao and Song, Dawn},
  howpublished = {\url{https://people.eecs.berkeley.edu/~dawnsong/papers/Oakland13-SoK-CR.pdf}},
  title        = {Sok: Eternal War in memory - university of california ...},
  year         = {2013}
} 

@misc{stackoverflow,
  author       = {StackOveflow},
  howpublished = {\url{https://insights.stackoverflow.com/survey/2020}},
  journal      = {Stack Overflow},
  title        = {Stack overflow survey}
} 

@misc{swift,
  author       = {Apple},
  howpublished = {\url{https://docs.swift.org/swift-book/}},
  journal      = {About Swift - The Swift Programming Language (Swift 5.6)},
  title        = {Swift.org}
}

@misc{team_2019,
  author  = {Team, MSRC},
  journal = {Microsoft Security Response Center},
  month   = {Jul},
  url     = {https://msrc-blog.microsoft.com/2019/07/18/we-need-a-safer-systems-programming-language/},
  year    = {2019}
}
@misc{theborrowcheckerguidetorustcdevelopment,
  author       = {Rust-Lang},
  howpublished = {\url{https://rustc-dev-guide.rust-lang.org/borrow_check.html?highlight=borrow#mir-borrow-check}},
  journal      = {The borrow checker - Guide to Rustc Development},
  title        = {Guide to RUSTC development}
}
@misc{VTPin,
  author       = {Sarbinowski, Pawel and Kemerlis, Vasileios P and Giuffrida, Cristiano and Athanasopoulos, Elias},
  howpublished = {\url{http://static.cs.brown.edu/people/vpk/papers/vtpin.acsac16.pdf}},
  title        = {VTPIN: Practical Vtable hijacking protection for binaries}
}



@misc{Weld,
  author       = {Serayuzgur},
  howpublished = {\url{https://github.com/serayuzgur/weld}},
  journal      = {GitHub},
  title        = {Serayuzgur/Weld: Full Fake Rest Api Generator written with rust}
} 
 

@misc{xsv,
  author       = {BurntSushli},
  howpublished = {\url{https://github.com/BurntSushi/xsv}},
  journal      = {GitHub},
  title        = {Burntsushi/XSV: A fast CSV command line toolkit written in rust.}
} 